<?xml version="1.0" encoding="UTF-8"?><record xmlns="http://www.loc.gov/MARC21/slim" xmlns:cinclude="http://apache.org/cocoon/include/1.0" xmlns:zs="http://www.loc.gov/zing/srw/">
  <leader>00529nz  a2200145n  4500</leader>
  <controlfield tag="001">no2006125848</controlfield>
  <controlfield tag="003">DLC</controlfield>
  <controlfield tag="005">20061127074747.0</controlfield>
  <controlfield tag="008">061125n| acannaabn          |n aaa     c</controlfield>
  <datafield tag="010" ind1=" " ind2=" ">
    <subfield code="a">no2006125848</subfield>
  </datafield>
  <datafield tag="035" ind1=" " ind2=" ">
    <subfield code="a">(OCoLC)oca07262325</subfield>
  </datafield>
  <datafield tag="040" ind1=" " ind2=" ">
    <subfield code="a">NN</subfield>
    <subfield code="b">eng</subfield>
    <subfield code="c">NN</subfield>
  </datafield>
  <datafield tag="100" ind1="1" ind2=" ">
    <subfield code="a">Harrold, Orville,</subfield>
    <subfield code="d">1878-1933</subfield>
  </datafield>
  <datafield tag="670" ind1=" " ind2=" ">
    <subfield code="a">Wood, H. Fleurette, I shall never forget [SR, [1924]:</subfield>
    <subfield code="b">label (Orville Harrold, tenor)</subfield>
  </datafield>
  <datafield tag="670" ind1=" " ind2=" ">
    <subfield code="a">Kutsch/Riemens. Grosses SaĚngerlexikon, c2003</subfield>
    <subfield code="b">(Harrold, Orville; b. Muncie, IN, 1878; d. Darien, CT, Oct. 23, 1933; tenor)</subfield>
  </datafield>
</record>